@book{
  wesley:2013,
  author = {Addision Wesley},
  title = {A Tour of C++},
  year = {2013},
  isbn = {0321958310},
  edition = {1st},
  publisher = {PEARSON},
  address = {},
} 
@book{
  guide:2016,
  author = {Witold Wysota and Lorenz Haas},
  title = {Game Programming Using Qt Beginner's Guide},
  year = {2016},
  isbn = {1782168874},
  edition = {1st},
  publisher = {PACKT Publishing},
  address = {},
}

@misc{ModelCurve,
        title = {Motion in 3D},
        howpublished = {http://www.math.uri.edu/~bkaskosz/flashmo/as3/motion3d/motion3d.html},
        note = {Accessed: 2017-11-14}
}
@book{BlendBook:2012,
	author = {Arne Laks\aa},
	title = {Blending technics for Curves and Surface constructions},
	year = {2012},
}

