@book{
  wesley:2013,
  author = {Addision Wesley},
  title = {A Tour of C++},
  year = {2013},
  isbn = {0321958310},
  edition = {1st},
  publisher = {PEARSON},
  address = {},
} 
@book{
  guide:2016,
  author = {Witold Wysota and Lorenz Haas},
  title = {Game Programming Using Qt Beginner's Guide},
  year = {2016},
  isbn = {1782168874},
  edition = {1st},
  publisher = {PACKT Publishing},
  address = {},
}

